@book{PIT00,
    title={Digital image processing algorithms and applications},
    author={Pitas, I.},
    series={AWiley-Interscience publication},
    edition = {1st},
    year = {2000},
    publisher={Wiley \& Sons Inc.}
}

@article{COT00,
    author = {Pitas, I. and Cotsaces, C.~I.},
    title = {Memory efficient propagation-based watershed and influence zone algorithms for large images},
    journal = {Transactions on Image Processing},
    volume = {9},
    number = {7},
    month = {July},
    year = {2000},
    pages = {1185--1199},
    doi = {10.1109/83.847832},
    publisher = {IEEE Press}
}

@article{JES2020,
     author = {Jesús Galván-Ruiz and Carlos M. Travieso-González and Acaymo Tejera-Fettmilch and Alejandro Pinan-Roescher and Luis Esteban-Hernández and Luis Domínguez-Quintana},
    title = { "Perspective and Evolution of Gesture Recognition for Sign Language: A Review"},
year = {2020}
}

@article{ZEN2018,
    author = {Nico Zengeler and Thomas Kopinski and Uwe Handmann},
    title = {"Hand Gesture Recognition in Automotive Human–Machine Interaction Using Depth Cameras"}.
year = {2018}
}

@article{TSA2016,
    author = {Panagiota Tsarouchi and Athanasios Athanasatos and Sotiris Makris and Xenofon Chatzigeorgiou and George Chryssolouris},
    title = {"High level robot programming using body and hand gestures"},
year = {2016}
}

@article{AZO,
    title = {\url{https://www.azosensors.com/article.aspx?ArticleID=1149}},
}

@article{HUA2019,
    author = {Bo Chen and Chunsheng Hua and Decai Li and Yuqing He and Jianda Han},
    title = {"Intelligent Human–UAV Interaction System with Joint Cross-Validation over Action–Gesture Recognition and Scene Understanding"},
year = {2019}
}

@article{GM4,
    title = {\url{https://data.mendeley.com/datasets/jzy8zngkbg/4}},
}

@article{EGO2018,
    author = {Yifan Zhang and Congqi Cao and Jian Cheng and Hanqing Lu},
    title = {"EgoGesture: A New Dataset and Benchmark for Egocentric Hand Gesture Recognition"},
year = {2018}
}

@article{PEM,
    title = {\url{https://biolab.put.poznan.pl/putemg-dataset/}},
}

@article{HMG,
    title = {\url{https://sites.google.com/view/hmd-gesture-dataset/}},
}

@article{DON2020,
    author = {Dongxu Li and Cristian Rodriguez Opazo and Xin Yu and Hongdong Li},
    title = {"Word-level Deep Sign Language Recognition from Video: A New Large-scale Dataset and Methods Comparison"},
year = {2020}
}

@article{JES,
    title = {\url{https://20bn.com/datasets/jester/v1}},
}

@article{ASA2018,
    author = {Asanka G Perera and Yee Wei Law and and Javaan Chahl},
    title = {"UAV-GESTURE: A Dataset for UAV Control and Gesture Recognition"},
year = {2018}
}

@article{RAF2012,
    author = {Rafiqul Zaman Khan and Noor Adnan Ibraheem},
    title = {"COMPARATIVE STUDY OF HAND GESTURE RECOGNITION SYSTEM"},
year = {2012}
}

@article{RAO2020,
    author = {Chengping Rao and Yang Liu},
    title = {"Three-dimensional convolutional neural network (3D-CNN) for heterogeneous material homogenization"},
year = {2020}
}

@article{NOO2019,
    author = {Noorkholis Luthfil Hakim and Timothy K. Shih and Sandeli Priyanwada Kasthuri Arachchi and Wisnu Aditya and Yi-Cheng Chen and Chih-Yang Lin},
    title = {"Dynamic Hand Gesture Recognition Using 3DCNN and LSTM with FSM Context-Aware Model"},
year = {2019}
}

@article{LIU2020,
    author = {Jianbo Liu and Yongcheng Liu and Ying Wang and Veronique Prine and Shiming Xiang and Chunhong Pan},
    title = {"Decoupled Representation Learning for Skeleton-Based Gesture Recognition"},
year = {2020}
}

@article{KAI2016,
    author = {Kaiming He and Xiangyu Zhang and Shaoqing Ren and Jian Sun},
    title = {"Deep residual learning for image recognition"},
year = {2016}
}

@article{CHA2018,
    author = {Chao Li and Qiaoyong Zhong and Di Xie and Shiliang Pu},
    title = {"Co-occurrence feature learning from skeleton data for action recognition and detection with hierarchical aggregation"},
year = {2018}
}

@article{QUE2017,
    author = {Quentin De Smedt and Hazem Wannous and Jean-Philippe Vande- borre and Joris Guerry and Bertrand Le Saux and David Filliat},
    title = {"Shrec’17 track: 3d hand gesture recognition using a depth and skeletal dataset"},
year = {2017}
}

@article{HAZ2016,
    author = {Quentin De Smedt and Hazem Wannous and Jean-Philippe Van- deborre},
    title = {"Skeleton-based dynamic hand gesture recognition"},
year = {2016}
}

@article{GUI2018,
    author = {Guillermo Garcia-Hernando and Shanxin Yuan and Seungryul Baek and and Tae-Kyun Kim},
    title = {"First-person hand action bench- mark with rgb-d videos and 3d hand pose annotations"},
year = {2018}
}

@article{OMA2013,
    author = {Omar Oreifej and Zicheng Liu. Hon4d},
    title = {"Histogram of oriented 4d normals for activity recognition from depth sequences"},
year = {2013}
}

@article{SME2017,
    author = {Quentin De Smedt},
    title = {"Dynamic hand gesture recognition-From traditional handcrafted to recent deep learning approaches"},
year = {2017}
}

@article{HAZ2016,
    author = {Quentin De Smedt, Hazem Wannous, and Jean-Philippe Van- deborre },
    title = {"Skeleton-based dynamic hand gesture recognition"},
year = {2016}
}

@article{JUA2018,
    author = {Juanhui Tu, Mengyuan Liu, and Hanying Liu },
    title = {"Skeleton- based human action recognition using spatial temporal 3d convolutional neural networks"},
year = {2018}
}

@article{JIN2018,
    author = {Jingxuan Hou, Guijin Wang, Xinghao Chen, Jing-Hao Xue, Rui Zhu, Huazhong Yang },
    title = {"Spatial-temporal attention res-tcn for skeleton-based dynamic hand gesture recognition"},
year = {2018}
}

@article{YAN2018,
    author = {Sijie Yan, Yuanjun Xiong, Dahua Lin },
    title = {"Spatial temporal graph convolutional networks for skeleton-based action recognition"},
year = {2018}
}

@article{XUA2019,
    author = {Xuan Son Nguyen, Luc Brun, Olivier Le´zoray, and Se´bastien Bougleux },
    title = {"A neural network based on spd manifold learning for skeleton-based hand gesture recognition"},
year = {2019}
}

@article{YUX2019,
    author = {Yuxiao Chen, Long Zhao, Xi Peng, Jianbo Yuan, and Dimitris N Metaxas },
    title = {"Construct dynamic graphs for hand gesture recognition via spatial-temporal attention"},
year = {2019}
}